%% This BibTeX bibliography file was created using BibDesk.
%% http://bibdesk.sourceforge.net/

%% Created for Benjamin Landsteiner at 2018-03-12 13:17:44 -0500 


%% Saved with string encoding Unicode (UTF-8) 



@electronic{dw_user_guide,
	Date-Added = {2018-03-12 18:13:29 +0000},
	Date-Modified = {2018-03-12 18:13:29 +0000},
	Month = {September},
	Organization = {Cray Inc.},
	Title = {{D}ata{W}arp {U}ser {G}uide},
	Url = {http://docs.cray.com/books/S-2558-5204/},
	Year = {2015},
	Bdsk-Url-1 = {http://docs.cray.com/books/S-2558-5204/}}

@inproceedings{cug_arch,
	Author = {Dave Henseler and Benjamin Landsteiner and Doug Petesch and Cornell Wright and Nicholas J. Wright},
	Booktitle = {Proc. Cray Users' Group Technical Conference (CUG)},
	Date-Added = {2016-04-06 20:08:31 +0000},
	Date-Modified = {2018-03-12 18:17:44 +0000},
	Month = {May},
	Title = {{A}rchitecture and {D}esign of {C}ray {D}ataWarp},
	Url = {https://cug.org/proceedings/cug2016_proceedings/includes/files/pap105s2-file1.pdf},
	Year = {2016},
	Bdsk-Url-1 = {http://docs.cray.com/books/S-2558-5204/}}
